
%% Analysis of proteomics data

@Article{box:cox:1964,
author      ={D.E.P. Box and D.R. Cox},
journal     ={Journal of Royal Statistical Society},
pages       ={211-252},
title       ={An Analysis of Transformations},
volume      ={26(2)},
year        ={1964}
}

@Article{nagelkerke:1991,
author      ={N. Nagelkerke},
journal     ={Biometrika},
pages       ={691-692},
title       ={A Note on a General Definition of the Coefficint of Determination},
volume      ={78},
year        ={1991}
}


%% Design of experiments and survival analysis

@Article{Schoenfeld:1983,
author      ={D. Schoenfeld},
journal     ={Biometrics},
pages       ={499-503},
title       ={Sample-Size Formula for Proportional-Hazard Regression Model},
volume      ={39/2},
year        ={1983}
}

@Article{Cox:1972,
author      ={D.R. Cox},
journal     ={Journal of the Royal Statistical Society, Series B},
pages       ={187-220},
title       ={{Regression Models and Life Tables (with discussion)}},
volume      ={34},
year        ={1972}
}

@Article{Schneiderman:etal:1994,
author      ={E.D. Schneiderman and Stephen M. Willis and Ch.J. Kowalski and I.Y. Guo},
journal     ={International Journal of Bio-Medical Computing},
pages       ={187-192},
title       ={{Implementation of Exact and Approximate Randomization Tests for Polynomial Growth Curves}},
volume      ={36},
year        ={1994 }
}

@Article{Peres-neto:Olden:2001,
author      ={P.R. Peres-Neto and J. D. Olden},
journal     ={Animal Behaviour},
pages       ={79-86},
title       ={Assessing the Robustness of Randomization Tests: Examples from Bahavioral Studies},
volume      ={61},
year        ={2001}
}


@Article{Ludbrook:Dudley:1998,
author      ={J. Ludbrook and H. Dudley},
journal     ={American Statistician},
pages       ={127-132},
title       ={{Why Permutation Tests and Superior to t and F Tests in Biomedical Research}},
volume      ={52/2},
year        ={1998}
}



@Article{Elso:etal:2004,
author      ={C.M. Elso and L.J. Roberts and G.K. Smyth and R.J. Thomson and T.M. Baldwin and S.J. Foote and
E. Handman},
journal     ={Genes and Immunity},
pages       ={93-100},
title       ={{Leishmaniasis ost response loci (lmr13) modify disease severity through a Th1/Th2-independent pathway}},
volume      ={5},
year        ={2004}
}


@Article{Donner:1984,
author      ={A. Donner},
journal     ={Statistics in Medicine},
pages       ={199-214},
title       ={{Approaches to Sample Size Estimation in the Design of Clinical Trials - A Review}},
volume      ={3},
year        ={1984}
}


@Article{George:Desu:1977,
author      ={S.L. George and M.M. Desu},
journal     ={Journal of Chronic Deseases},
pages       ={15-24},
title       ={{Planning the Size and Duration of Clinical Trial Studying the Time to Some Crtical Event}},
volume      ={27},
year        ={1977}
}


@Article{somalogic,
author      ={L. Gold and D. Ayers and J. Bertino and C. Bock and A. Bock et al.},
journal     ={PLos one},
pages       ={15-24},
title       ={{Aptamer-Based Multiplexed Proteomic Technology for Biomarker Discovery}},
volume      ={5/12},
year        ={2010}
}


@Article{data:transformations,
author      ={R.A. van den Berg and H.C.J. Hoedsloot and A.A. Westerhuis and A.K. Smilde and M.J. van der Werft},
journal     ={BMC Genomics},
pages       ={1-15},
title       ={{Centering, scaling, and transformations: improving the biological information content of metabolomics data}},
volume      ={7/142},
year        ={2006}
}


@Article{breiman:2001,
author      ={L. Breiman},
journal     ={Machine Learning},
pages       ={5-32},
title       ={{Random Forest}},
volume      ={45/1},
year        ={2001}
}

@Article{austin:2011,
author      ={P.C. Austin},
journal     ={Multivariate Behavioral Research},
pages       ={399-424},
title       ={{An Introduction to Propensity Score Methods for Reducing the Effect of Confounding in Observational Studies}},
volume      ={46},
year        ={2011}
}


@Article{cohen:1992,
author      ={J. Cohen},
journal     ={Psychological Biulletin},
pages       ={155-159},
title       ={{A power primer}},
volume      ={112/1},
year        ={1992}
}


@Book{cohen:1988,
    author = {J.Cohen},
    title = {Statistical Power Analysis for the Behavioral Sciences},
    publisher = {Lawrence Erlbaum Associates},
    year = {1988}
  }


%%============================= R package manuals ===================================

  @Manual{R,
    title = {R: A Language and Environment for Statistical Computing},
    author = {{R Core Team}},
    organization = {R Foundation for Statistical Computing},
    address = {Vienna, Austria},
    year = {2013},
    url = {http://www.R-project.org/},
  }


@Manual{statmod:R,
    title = {statmod: Statistical Modeling},
    author = {Gordon Smyth and Yifang Hu and Peter Dunn and Belinda Phipson and Yunshun Chen},
    year = {2013},
    note = {R package version 1.4.18},
    url = {http://CRAN.R-project.org/package=statmod},
  }

  @Manual{caret:R,
    title = {caret: Classification and Regression Training},
    author = {Max Kuhn and Contributions from Jed Wing and Steve Weston and Andre Williams and Chris Keefer and Allan Engelhardt and Tony Cooper and Zachary Mayer and the R Core Team},
    year = {2014},
    note = {R package version 6.0-21},
    url = {http://CRAN.R-project.org/package=caret},
  }

@Article{ade4:R,
author      ={Dray, S. and Dufour, A.B},
journal     ={Journal of Statistical Software},
pages       ={1-20},
title       ={{The ade4 package: implementing the duality diagram for ecologists}},
volume      ={22(4)},
year        ={2007}
}

@Manual{glmulti,
    title = {glmulti: Model selection and multimodel inference made easy},
    author = {Vincent Calcagno},
    year = {2013},
    note = {R package version 1.0.7},
    url = {http://CRAN.R-project.org/package=glmulti},
  }

  @Manual{twang,
    title = {twang: Toolkit for Weighting and Analysis of Nonequivalent Groups},
    author = {Greg Ridgeway and Dan McCaffrey and Andrew Morral and Beth Ann Griffin and Lane Burgette},
    year = {2013},
    note = {R package version 1.3-20},
    url = {http://CRAN.R-project.org/package=twang},
  }

  @Manual{boot,
    title = { boot: Bootstrap R (S-Plus) Functions},
    author = {A. Canty and B. Ripley},
    year = {2013},
    note = {R package version 1.3-9},
  }

  @Article{randomForest:R,
    title = {Classification and Regression by randomForest},
    author = {Andy Liaw and Matthew Wiener},
    journal = {R News},
    year = {2002},
    volume = {2},
    number = {3},
    pages = {18-22},
    url = {http://CRAN.R-project.org/doc/Rnews/},
  }

@Book{ggplot:R,
    author = {H. Wickham},
    title = {ggplot2: elegant graphics for data analysis},
    publisher = {Springer New York},
    year = {2009},
    isbn = {978-0-387-98140-6},
    url = {http://had.co.nz/ggplot2/book},
  }

@Book{MS,
    author = {G.H Kraft and M. Catanzaro},
    title = {Living with Multiple Sclerosis (2nd Edition)},
    publisher = {Demos Health},
    year = {2000},
    isbn = {978-1888799262, 1888799269},
  }

@Book{DoE,
    author = {Quinn G.P. and M.J. Keough},
    title = {Experimental Design and Data Analysis for Biologists},
    publisher = {Cambridge University Press},
    year = {2002},
    isbn = {978-0-521-81128-6, 0-521-00976-6},
  }

  @Manual{breiman:2002,
    title = {Manual on setting up, using, and understanding Random Forests v3.1. Technical Report},
    author = {L. Breiman},
    year = {2002},
    note = {Technical Report},
    url = {http://oz.berkeley.edu/users/breiman},
  }

  @Manual{fmsb,
    title = {fmsb: Functions for medical statistics book with some demographic data},
    author = {Minato Nakazawa},
    year = {2014},
    note = {R package version 0.4.5},
    url = {http://CRAN.R-project.org/package=fmsb},
  }


@Manual{pwr,
    title = {pwr: Basic functions for power analysis},
    author = {Stephane Champely},
    year = {2012},
    note = {R package version 1.1.1},
    url = {http://CRAN.R-project.org/package=pwr},
  }
