
%% ================================= Articles ======================================

@Article{Laajala_etal:2012,
author      ={T.D. Laajala and J. Corander and N.M. Saarinen},
journal     ={Clinical Cancer Research},
pages       ={4385--4396},
title       ={Improvemed Statistical Modeling of Tumor Growth and Treatment Effect in Preclinical Animal Studies with Heterogenous Response In Vivo},
volume      ={18},
year        ={2012}
}


@Article{Hather_etal:2014,
author      ={G. Hather and R.Liu and S. Bandi andJ. Mettetal and M. Manfredi and W-Ch. Shyu and J. Donelan and A. Chakravaty},
journal     ={Cancer Informatics},
pages       ={65--72},
title       ={Growth Rate Analysis and Efficient Experimantal Design for Tumor Xenograft Studies},
volume      ={18},
year        ={2012}
}

@Article{Cheng_Wu:2010,
author      ={Ch. Cheng and Jianrong Wu},
journal     ={Statistics in Medicine},
pages       ={2669--2678},
title       ={Interval Estimation of Quantile Ratios Applied to Anti-Cancer Drug Screening by Xenograft Experiments},
volume      ={29},
year        ={2010}
}

@Article{Liang_Sha:2004,
author      ={H. Liang and N. Sha},
journal     ={Mathematical Biosciences},
pages       ={61--73},
title       ={Modeling Antitumor Activity by Using a Non-Linear Mixed-Effect Model},
volume      ={189},
year        ={2004}
}

@Article{Liang:2005,
author      ={H. Liang},
journal     ={Biomedical Journal},
pages       ={358--368},
title       ={Modeling Antitumor Activity in Xenograft Tumor Treatment},
volume      ={3},
year        ={2005}
}

@Article{Brombin_etal:2012,
author      ={H. Liang},
journal     ={Communication in Statistics - Theory and Methods},
pages       ={3043--3059},
title       ={Modeling Cancer Cell Growth},
volume      ={41},
year        ={2012}
}

@Article{Xia_etal:2013,
author      ={Ch Xia and J. Wu and H Liang},
journal     ={Biometrics \& Biostatistics},
pages       ={--},
title       ={Model Tumor Pattern and Compare Treatment Effects Using Semiparametric Linear Mixed-Effects Models},
volume      ={4},
year        ={2013}
}

@Article{Zhao_etal:2010,
author      ={L. Zhao and M.A. Morgan and L.A. Parsels},
journal     ={Clinical Cancer Research},
pages       ={1057--1064},
title       ={Bayesian Hierarchical Changepoint Methods in Modeling the Tumor Growth Profiles in Xenograft Experiments},
volume      ={17},
year        ={2010}
}

@Article{Heitjan_etal:1993,
author      ={D.F. Heitjan and A. Manni and R.J. Santen},
journal     ={Cancer Research},
pages       ={6042--6050},
title       ={Statistical Analysis of in Vivo Tumor Growth Experiments},
volume      ={53},
year        ={1993}
}

@Article{Heitjan:2011,
author      ={D.F. Heitjan},
journal     ={Clinical Cancer Research},
pages       ={949--952},
title       ={Biology, Models, and the Analysis of Tumor Xenograft Experiments},
volume      ={17},
year        ={2011}
}

@Article{Ibrahim_etal:2010,
author      ={J.G. Ibrahim and H. Chu and L.M. Chen},
journal     ={Journal of Clinical Oncology},
pages       ={1--6},
title       ={Basic Concepts and Methods for Joint Models of Longitudinal and Survival Data},
volume      ={28},
year        ={2010}
}

@Article{Aalen:2010,
author      ={O.O. Aalen},
journal     ={Statistics in Medicine},
pages       ={1903--1917},
title       ={Armitage lecture 2010: Understanding treatment effects: the value of integrating longitudinal data and survival analysis},
volume      ={31},
year        ={2010}
}


@Article{Voskoglou-Nomikos_etal:2003,
author      ={T. Voskoglou-Nomikos and J.L. Pater and L. Seymour},
journal     ={Clinical Cancer Research},
pages       ={4227--4239},
title       ={Clinical Predictive Value of the In Vitro Cell Line, Human Xenograft, and Mouse Allograft Preclinical Cancer Models.},
volume      ={9},
year        ={2003}
}





%%======================== LOESS ==========================

@Article{Cleveland:1979,
author      ={W.S. Cleveland},
journal     ={Journal of Americal Statistical Association},
pages       ={829--836},
title       ={Robust Locally Weighted Regression and Smoothing Scatterplots},
volume      ={74/368},
year        ={1979}
}

@Article{Cleveland:1981,
author      ={S.W. Cleveland},
journal     ={The American Statistician},
pages       ={54},
title       ={LOWESS: A program for smoothing scatterplots by robust locally weighted regression},
volume      ={35 (1)},
year        ={1981}
}

@Article{Cleveland_Delvin:1988,
author      ={W.S. Cleveland and S.J. Delvin},
journal     ={Journal of Americal Statistical Association},
pages       ={596--610},
title       ={Locally Weighted Regression: An Approach to Regression Analysis by Local Fitting},
volume      ={83/403},
year        ={1988}
}

@Article{Moses_etal:1992,
author      ={L.E. Moses and L.C. Gale and J. Altmann},
journal     ={Americal Journal of Primatology},
pages       ={49--59},
title       ={Methods for Analysis of Unbalanced, Longitudinal Growth Data},
volume      ={28},
year        ={1992}
}



%%============================ Randomization test =================================

@Article{Elso_etal:2004,
author      ={C.M. Elso and L.J. Roberts and G.K. Smyth and R.J. Thompson and T.M. Baldwin and S.J. Foote and E. Handman},
journal     ={Genes and Immunity},
pages       ={93--100},
title       ={Leishmaniasis Host Response Loci (lmr1-3) Modify Disease Severity Through a Th1/Th2-independent Pathway},
volume      ={5},
year        ={2004}
}

@Article{Baldwin_etal:2007,
author      ={T. Baldwin adn A. Sakthianandeswaren and J.M. Curtis and B. Kumar and G.K. Smyth and S.J. Foote and E. Handman},
journal     ={Parasite Immunology},
pages       ={501--513},
title       ={Wound Healing Response Is a Major Contributor to the Severity of Cutraneous Leishmaniasis in the Ear Model of Infection},
volume      ={5},
year        ={2007}
}

@Article{Peres-Neto_Olden:2001,
author      ={P.R. Peres-Neto and J.D. Olden},
journal     ={Animal Behaviour},
`pages       ={79--86},
title       ={{Assessing the Robustness of Randomization Tests: Examples from Bahavioral Studies}},
volume      ={61},
year        ={2001}
}

@Article{Ludbrook_Dudley:1998,
author      ={J. Ludbrook and H. Dudley},
journal     ={American Statistician},
pages       ={127--132},
title       ={{Why Permutation Tests and Superior to t and F Tests in Biomedical Research}},
volume      ={52(2)},
year        ={1998}
}

@Article{Ninness_etal:2002,
author      ={Ch. Ninness and R. Newton and J. Saxon and R. Rumph and A. Bradfield adn C. Harrison and E. Vasquez III},
journal     ={Behavioral and Social Issues},
pages       ={53--63},
title       ={{Small Group Statistics: A Monte Carlo Comparizon of Parametric and Randomization Tests}},
volume      ={12},
year        ={2002}
}

@Article{Mewhort:2005,
author      ={D.J.K. Mewhort},
journal     ={Behavioral Research Network},
pages       ={53--63},
title       ={{Small Group Statistics: A Monte Carlo Comparizon of Parametric and Randomization Tests}},
volume      ={37/3},
year        ={2005}
}

@Article{Koziol_Maxwell:1982,
author      ={J.A. Koziol and D.A. Maxwell},
journal     ={Statistics in Medicine},
pages       ={83--89},
title       ={{A Distribution-Free Test for Paired Growth Curve Analyses with Application to an Animal Tumor Immunotherapy Experiment}},
volume      ={1},
year        ={1982}
}

@Article{Rocchetti_DeNicolao:1990,
author      ={M. Rocchetti and G. De Nicolao},
journal     ={Computer Methods and Programs in Biomedicine},
pages       ={207--213},
title       ={{CURT: A Randomization Test for Statistical Comparison Between Experimental Curves}},
volume      ={31},
year        ={1990}
}

@Article{Demidenko:2010,
author      ={E. Demidenko},
journal     ={International Journal of Radiation Biology},
pages       ={167--173},
title       ={{Three endpoints of in vivo tumour radiobiology and their statistical estimation}},
volume      ={86/2},
year        ={2010}
}


## Animal studies:

@Article{Schneiderman_etal:1994,
author      ={E.D. Scheneiderman and S.M. Willis and Ch.K.Kowalski and I.Y. Guo},
journal     ={International Journal of Bio-Computing},
pages       ={187--192},
title       ={{Implementation of Exact and Approximate Randomization Test for Polynomial Growth Curves}},
volume      ={36},
year        ={1994}
}








%%======================= Books nad Manuals ===========================

@Manual{statmod_R,
    author = {Gordon Smyth and Yifang Hu and Peter Dunn and Belinda Phipson and Yunshun Chen},
    title = {statmod: Statistical Modeling},
    year = {2013},
    note = {R package version 1.4.18},
    url = {http://CRAN.R-project.org/package=statmod}
}

  @Manual{R,
    title = {R: A Language and Environment for Statistical Computing},
    author = {{R Core Team}},
    organization = {R Foundation for Statistical Computing},
    address = {Vienna, Austria},
    year = {2013},
    url = {http://www.R-project.org/}
  }

@Book{ggplot_R,
    author = {H. Wickham},
    title = {ggplot2: elegant graphics for data analysis},
    publisher = {Springer New York},
    year = {2009},
    isbn = {978-0-387-98140-6},
    url = {http://had.co.nz/ggplot2/book}
  }

@Book{Cohen:1988,
    author = {J. Cohen},
    title = {Statistical Power Analysis for the Behavioral Sciences (second ed.)},
    publisher = {Lawrence Erlbaum Associates},
    year = {1988}
  }