@Manual{statmod:2013,
    author = {Gordon Smyth and Yifang Hu and Peter Dunn and Belinda Phipson and Yunshun Chen},
    title = {statmod: Statistical Modeling},
    year = {2013},
    note = {R package version 1.4.18},
    url = {http://CRAN.R-project.org/package=statmod},
}

@Manual{rlang:2013,
    title = {R: A Language and Environment for Statistical Computing},
    author = {{R Core Team}},
    organization = {R Foundation for Statistical Computing},
    address = {Vienna, Austria},
    year = {2013},
    url = {http://www.R-project.org/},
}

@Book{ggplot:2009,
    author = {H. Wickham},
    title = {ggplot2: elegant graphics for data analysis},
    publisher = {Springer New York},
    year = {2009},
    isbn = {978-0-387-98140-6},
    url = {http://had.co.nz/ggplot2/book},
  }

@article{Norton1976,
  author = {Norton, Larry and Simon, Richard and Brereton, Harmar D and Bogden, Arthur E},
  doi = {10.1038/264542a0},
  file = {:home/gordon/Documents/Mendeley Desktop/Norton et al. - 1976 - Predicting the course of Gompertzian growth.pdf:pdf},
  isbn = {0028-0836 (Print)$\backslash$r0028-0836 (Linking)},
  issn = {0028-0836},
  journal = {Nature},
  pages = {542--544},
  pmid = {1004590},
  title = {{Predicting the course of Gompertzian growth}},
  volume = {264},
  year = {1976}
  }
