%% Created using Papers on Mon, 18 Jan 2016.
%% http://papersapp.com/papers/

@article{Cheng:2010bp,
author = {Cheng, Cheng and Wu, Jianrong},
title = {{Interval estimation of quantile ratios applied to anti-cancer drug screening by xenograft experiments.}},
journal = {Stat Med},
year = {2010},
volume = {29},
number = {26},
pages = {2669--2678},
month = nov
}

@article{Cleveland:1981fm,
author = {Cleveland, William S},
title = {{LOWESS: A Program for Smoothing Scatterplots by Robust Locally Weighted Regression}},
journal = {The American Statistician},
year = {1981},
volume = {35},
number = {1},
pages = {54},
month = feb
}

@article{Cleveland:1988de,
author = {Cleveland, William S and Devlin, Susan J},
title = {{Locally Weighted Regression: An Approach to Regression Analysis by Local Fitting}},
journal = {J. Amer. Statist. Assoc.},
year = {1988},
volume = {83},
number = {403},
pages = {596},
month = sep
}

@article{Cleveland:1979kf,
author = {Cleveland, William S},
title = {{Robust Locally Weighted Regression and Smoothing Scatterplots}},
journal = {J. Amer. Statist. Assoc.},
year = {1979},
volume = {74},
number = {368},
pages = {829},
month = dec
}

@article{Demidenko:2010gn,
author = {Demidenko, Eugene},
title = {{Three endpoints of in vivo tumour radiobiology and their statistical estimation.}},
journal = {Int. J. Radiat. Biol.},
year = {2010},
volume = {86},
number = {2},
pages = {164--173},
month = feb
}

@article{Elso:2004jp,
author = {Elso, C M and Roberts, L J and Smyth, G K and Thomson, R J and Baldwin, T M and Foote, S J and Handman, E},
title = {{Leishmaniasis host response loci (lmr1-3) modify disease severity through a Th1/Th2-independent pathway.}},
journal = {Genes Immun.},
year = {2004},
volume = {5},
number = {2},
pages = {93--100},
month = mar
}

@article{Heitjan:1993uw,
author = {Heitjan, D F and Manni, A and Santen, R J},
title = {{Statistical analysis of in vivo tumor growth experiments.}},
journal = {Cancer Res.},
year = {1993},
volume = {53},
number = {24},
pages = {6042--6050},
month = dec
}

@article{Koziol:1981gg,
author = {Koziol, James A and Maxwell, Donna A and Fukushima, Matsuro and Colmerauer, M E M and Pilch, Yosef H},
title = {{A Distribution-Free Test for Tumor-Growth Curve Analyses with Application to an Animal Tumor Immunotherapy Experiment}},
journal = {Biometrics},
year = {1981},
volume = {37},
number = {2},
pages = {383},
month = jun
}

@article{Laajala:2012kr,
author = {Laajala, T D and Corander, J and Saarinen, N M and Makela, K and Savolainen, S and Suominen, M I and Alhoniemi, E and Makela, S and Poutanen, M and Aittokallio, T},
title = {{Improved Statistical Modeling of Tumor Growth and Treatment Effect in Preclinical Animal Studies with Highly Heterogeneous Responses In Vivo}},
journal = {Clinical Cancer Research},
year = {2012},
volume = {18},
number = {16},
pages = {4385--4396},
month = aug
}

@article{Ludbrook:1998iv,
author = {Ludbrook, John and Dudley, Hugh},
title = {{Why Permutation Tests Are Superior to t and F Tests in Biomedical Research}},
journal = {The American Statistician},
year = {1998},
volume = {52},
number = {2},
pages = {127},
month = may
}

@article{Moses:1992dh,
author = {Moses, Lincoln E and Gale, Lynn C and Altmann, Jeanne},
title = {{Methods for analysis of unbalanced, longitudinal, growth data}},
journal = {Am. J. Primatol.},
year = {1992},
volume = {28},
number = {1},
pages = {49--59}
}

@article{Ninness:2002ft,
author = {Ninness, Chris and Newton, Richard and Saxon, Jamie and Rumph, Robin and Bradfield, Anna and Harrison, Carol and Vasquez III, Eleazar},
title = {{Small Group Statistics: A Monte Carlo Comparison of Parametric and Randomization Tests}},
journal = {Behavior and Social Issues},
year = {2002},
volume = {12},
number = {1},
pages = {53},
month = sep
}

@article{PeresNeto:2001hz,
author = {Peres-Neto, Pedro R and Olden, Julian D},
title = {{Assessing the robustness of randomization tests: examples from behavioural studies.}},
journal = {Anim Behav},
year = {2001},
volume = {61},
number = {1},
pages = {79--86},
month = jan
}

@article{Rocchetti:1990bu,
author = {Rocchetti, M and De Nicolao, G},
title = {{CURT: a randomization test for statistical comparison between experimental curves.}},
journal = {Comput Methods Programs Biomed},
year = {1990},
volume = {31},
number = {3-4},
pages = {207--213},
month = mar
}

